Country,Item Type,Sales Channel,Order Priority,Order Date,Order ID,Ship Date,Units Sold,Unit Price,Unit Cost,Total Revenue,Total Cost,Total Profit
Japan,Cereal,Offline,C,4/10/2010,161442649,5/12/2010,3322,205.70,117.11,683335.40,389039.42,294295.98
Maldives,Fruits,Offline,L,1/8/2011,714135205,2/6/2011,7332,9.33,6.92,68407.56,50737.44,17670.12
Mongolia,Clothes,Online,L,12/12/2015,770478332,1/24/2016,515,109.28,35.84,56279.20,18457.60,37821.60
Mongolia,Beverages,Online,M,8/3/2013,329110324,9/2/2013,9913,47.45,31.79,470371.85,315134.27,155237.58
Laos,Beverages,Online,M,3/22/2013,693473613,4/21/2013,3107,47.45,31.79,147427.15,98771.53,48655.62
Bhutan,Meat,Online,H,12/9/2016,726708972,1/26/2017,8189,421.89,364.69,3454857.21,2986446.41,468410.80
Malaysia,Snacks,Offline,M,10/6/2012,175033080,11/5/2012,5033,152.58,97.44,767935.14,490415.52,277519.62
Uzbekistan,Office Supplies,Offline,L,3/10/2012,276595246,3/15/2012,9535,651.21,524.96,6209287.35,5005493.60,1203793.75
Nepal,Vegetables,Offline,C,6/2/2014,443121373,6/19/2014,8316,154.06,90.93,1281162.96,756173.88,524989.08
India,Fruits,Online,H,7/29/2010,658348691,8/22/2010,8862,9.33,6.92,82682.46,61325.04,21357.42
South Korea,Fruits,Offline,L,3/7/2010,769205892,3/17/2010,3972,9.33,6.92,37058.76,27486.24,9572.52
Philippines,Baby Food,Online,L,2/23/2014,160127294,3/23/2014,4079,255.28,159.42,1041287.12,650274.18,391012.94
China,Cosmetics,Offline,L,9/22/2011,773315894,11/4/2011,213,437.20,263.33,93123.60,56089.29,37034.31
Bangladesh,Baby Food,Online,H,8/17/2011,254927718,9/7/2011,7632,255.28,159.42,1948296.96,1216693.44,731603.52
Vietnam,Baby Food,Online,C,6/20/2011,881974112,7/11/2011,4594,255.28,159.42,1172756.32,732375.48,440380.84
Taiwan,Household,Online,C,1/23/2017,607261836,2/22/2017,1127,668.27,502.54,753140.29,566362.58,186777.71
Malaysia,Snacks,Offline,H,3/11/2010,600124156,4/21/2010,8929,152.58,97.44,1362386.82,870041.76,492345.06
China,Beverages,Offline,C,4/16/2013,332877862,5/7/2013,4811,47.45,31.79,228281.95,152941.69,75340.26
Uzbekistan,Personal Care,Offline,H,2/12/2013,707520663,3/15/2013,9942,81.73,56.67,812559.66,563413.14,249146.52
Mongolia,Meat,Offline,M,1/3/2015,573378455,1/17/2015,4281,421.89,364.69,1806111.09,1561237.89,244873.20
Brunei,Baby Food,Online,H,8/12/2015,510978686,9/30/2015,8803,255.28,159.42,2247229.84,1403374.26,843855.58
Vietnam,Office Supplies,Online,H,8/16/2016,606970441,9/16/2016,4897,651.21,524.96,3188975.37,2570729.12,618246.25
Japan,Beverages,Online,H,10/18/2012,981086671,11/21/2012,4203,47.45,31.79,199432.35,133613.37,65818.98
India,Personal Care,Online,L,12/24/2015,102928006,1/31/2016,7539,81.73,56.67,616162.47,427235.13,188927.34
Vietnam,Cosmetics,Offline,L,12/24/2016,827506387,1/30/2017,6384,437.20,263.33,2791084.80,1681098.72,1109986.08
China,Personal Care,Online,L,9/11/2012,637448060,9/15/2012,3901,81.73,56.67,318828.73,221069.67,97759.06
Bangladesh,Personal Care,Offline,M,7/26/2010,496941077,7/29/2010,4763,81.73,56.67,389279.99,269919.21,119360.78
Myanmar,Snacks,Online,L,6/24/2016,366526925,7/14/2016,2317,152.58,97.44,353527.86,225768.48,127759.38
South Korea,Baby Food,Online,L,11/21/2013,780282342,12/27/2013,1739,255.28,159.42,443931.92,277231.38,166700.54
Bangladesh,Personal Care,Online,L,10/15/2016,927232635,11/24/2016,7597,81.73,56.67,620902.81,430521.99,190380.82
South Korea,Office Supplies,Offline,M,7/26/2015,312927377,9/7/2015,1020,651.21,524.96,664234.20,535459.20,128775.00
Maldives,Vegetables,Online,H,2/25/2015,720307290,3/28/2015,3789,154.06,90.93,583733.34,344533.77,239199.57
Thailand,Household,Online,H,9/21/2016,352327525,10/27/2016,399,668.27,502.54,266639.73,200513.46,66126.27
North Korea,Meat,Online,M,1/19/2014,277568137,2/7/2014,7435,421.89,364.69,3136752.15,2711470.15,425282.00
Uzbekistan,Clothes,Online,C,11/11/2010,432995069,12/13/2010,1718,109.28,35.84,187743.04,61573.12,126169.92
Vietnam,Office Supplies,Offline,C,7/26/2016,332839667,7/27/2016,3509,651.21,524.96,2285095.89,1842084.64,443011.25
Tajikistan,Office Supplies,Offline,C,9/1/2010,366630351,10/12/2010,2923,651.21,524.96,1903486.83,1534458.08,369028.75
Malaysia,Household,Online,H,10/18/2013,444358193,10/21/2013,4319,668.27,502.54,2886258.13,2170470.26,715787.87
China,Vegetables,Online,H,9/5/2010,737816321,9/21/2010,5100,154.06,90.93,785706.00,463743.00,321963.00
Thailand,Snacks,Offline,L,1/13/2012,670878255,2/15/2012,6639,152.58,97.44,1012978.62,646904.16,366074.46
Singapore,Cereal,Online,M,7/30/2011,435146415,8/12/2011,8349,205.70,117.11,1717389.30,977751.39,739637.91
North Korea,Snacks,Online,C,3/13/2017,522371423,4/8/2017,167,152.58,97.44,25480.86,16272.48,9208.38
Japan,Baby Food,Offline,L,3/16/2016,823699796,4/19/2016,9929,255.28,159.42,2534675.12,1582881.18,951793.94
Taiwan,Personal Care,Offline,H,11/30/2013,865650832,12/31/2013,4173,81.73,56.67,341059.29,236483.91,104575.38
Mongolia,Vegetables,Online,C,11/27/2010,693743550,1/9/2011,2988,154.06,90.93,460331.28,271698.84,188632.44
Turkmenistan,Cosmetics,Offline,H,11/29/2012,899659097,12/3/2012,7974,437.20,263.33,3486232.80,2099793.42,1386439.38
Philippines,Cereal,Offline,M,10/19/2010,504270160,11/25/2010,3601,205.70,117.11,740725.70,421713.11,319012.59
Thailand,Baby Food,Online,H,3/26/2015,155128943,5/5/2015,4957,255.28,159.42,1265422.96,790244.94,475178.02
Japan,Cosmetics,Offline,C,8/16/2013,629925000,8/18/2013,7661,437.20,263.33,3349389.20,2017371.13,1332018.07
India,Personal Care,Offline,L,11/5/2013,995529830,12/17/2013,8254,81.73,56.67,674599.42,467754.18,206845.24
Tajikistan,Vegetables,Online,H,8/21/2014,106578814,10/2/2014,7894,154.06,90.93,1216149.64,717801.42,498348.22
Cambodia,Snacks,Online,C,3/25/2012,990708720,5/4/2012,1581,152.58,97.44,241228.98,154052.64,87176.34
Uzbekistan,Cereal,Offline,C,10/15/2016,916881453,11/28/2016,4452,205.70,117.11,915776.40,521373.72,394402.68
India,Cosmetics,Offline,L,12/3/2016,653148210,1/21/2017,9924,437.20,263.33,4338772.80,2613286.92,1725485.88
Bhutan,Clothes,Online,M,7/12/2012,147119653,8/9/2012,4829,109.28,35.84,527713.12,173071.36,354641.76
Kyrgyzstan,Fruits,Online,C,1/14/2012,402614009,3/2/2012,1287,9.33,6.92,12007.71,8906.04,3101.67
Indonesia,Cosmetics,Offline,C,5/31/2010,304750287,6/1/2010,1237,437.20,263.33,540816.40,325739.21,215077.19
Kazakhstan,Beverages,Online,H,2/5/2013,467986953,2/17/2013,6594,47.45,31.79,312885.30,209623.26,103262.04
Laos,Office Supplies,Offline,M,8/31/2015,588200986,10/15/2015,598,651.21,524.96,389423.58,313926.08,75497.50
Myanmar,Cosmetics,Online,L,4/3/2016,745182311,5/5/2016,4860,437.20,263.33,2124792.00,1279783.80,845008.20
Malaysia,Beverages,Offline,L,5/13/2015,860232770,6/4/2015,848,47.45,31.79,40237.60,26957.92,13279.68
Taiwan,Office Supplies,Offline,L,9/20/2016,196587741,10/28/2016,3536,651.21,524.96,2302678.56,1856258.56,446420.00
China,Office Supplies,Online,C,9/30/2015,893779695,11/7/2015,8128,651.21,524.96,5293034.88,4266874.88,1026160.00
Kyrgyzstan,Beverages,Online,C,4/3/2010,393693625,4/9/2010,1547,47.45,31.79,73405.15,49179.13,24226.02
Malaysia,Cosmetics,Offline,M,12/30/2014,873522365,1/13/2015,3534,437.20,263.33,1545064.80,930608.22,614456.58
Kyrgyzstan,Vegetables,Online,H,3/7/2011,427811324,4/16/2011,7733,154.06,90.93,1191345.98,703161.69,488184.29
Bangladesh,Snacks,Online,H,7/31/2013,142553031,9/11/2013,3465,152.58,97.44,528689.70,337629.60,191060.10
Japan,Cosmetics,Offline,H,11/20/2016,107172334,12/23/2016,3530,437.20,263.33,1543316.00,929554.90,613761.10
Kazakhstan,Baby Food,Offline,H,10/16/2010,166066348,12/5/2010,1578,255.28,159.42,402831.84,251564.76,151267.08
Brunei,Beverages,Online,L,3/16/2012,668365561,5/4/2012,3077,47.45,31.79,146003.65,97817.83,48185.82
Philippines,Personal Care,Online,L,2/19/2013,232155120,3/30/2013,8714,81.73,56.67,712195.22,493822.38,218372.84
Mongolia,Household,Online,C,2/5/2013,428392827,2/5/2013,9812,668.27,502.54,6557065.24,4930922.48,1626142.76
Japan,Personal Care,Offline,M,8/25/2011,885129249,9/3/2011,8269,81.73,56.67,675825.37,468604.23,207221.14
Mongolia,Fruits,Online,M,9/12/2013,171131217,10/8/2013,385,9.33,6.92,3592.05,2664.20,927.85
Bangladesh,Office Supplies,Offline,C,10/28/2015,210409057,12/4/2015,3570,651.21,524.96,2324819.70,1874107.20,450712.50
Mongolia,Fruits,Online,M,3/30/2014,805484378,5/1/2014,9582,9.33,6.92,89400.06,66307.44,23092.62
North Korea,Beverages,Online,C,9/14/2016,752716100,10/12/2016,4276,47.45,31.79,202896.20,135934.04,66962.16
Taiwan,Personal Care,Online,M,2/6/2015,672327935,2/6/2015,5631,81.73,56.67,460221.63,319108.77,141112.86
Cambodia,Cosmetics,Offline,M,12/10/2010,533006703,1/23/2011,7383,437.20,263.33,3227847.60,1944165.39,1283682.21
Maldives,Cosmetics,Offline,M,10/15/2011,573025262,11/14/2011,9764,437.20,263.33,4268820.80,2571154.12,1697666.68
Tajikistan,Beverages,Online,M,2/17/2017,866004025,3/4/2017,8691,47.45,31.79,412387.95,276286.89,136101.06
Sri Lanka,Baby Food,Online,H,10/19/2010,306889617,10/21/2010,4312,255.28,159.42,1100767.36,687419.04,413348.32
Japan,Meat,Offline,M,7/2/2010,551725089,8/10/2010,6569,421.89,364.69,2771395.41,2395648.61,375746.80
Malaysia,Baby Food,Offline,L,11/14/2010,783596694,12/24/2010,2530,255.28,159.42,645858.40,403332.60,242525.80
Bhutan,Snacks,Online,H,6/27/2015,505975615,7/4/2015,8283,152.58,97.44,1263820.14,807095.52,456724.62
Vietnam,Vegetables,Offline,M,2/18/2016,396820008,3/20/2016,6714,154.06,90.93,1034358.84,610504.02,423854.82
Malaysia,Cosmetics,Offline,H,11/3/2013,908627116,11/24/2013,1810,437.20,263.33,791332.00,476627.30,314704.70
Tajikistan,Meat,Offline,M,8/22/2013,801093709,10/5/2013,285,421.89,364.69,120238.65,103936.65,16302.00
Sri Lanka,Cosmetics,Offline,L,5/9/2014,452171361,5/27/2014,6409,437.20,263.33,2802014.80,1687681.97,1114332.83
Sri Lanka,Office Supplies,Online,C,8/12/2011,630048596,9/3/2011,4236,651.21,524.96,2758525.56,2223730.56,534795.00
South Korea,Snacks,Online,L,5/8/2015,763568961,6/7/2015,5879,152.58,97.44,897017.82,572849.76,324168.06
Vietnam,Snacks,Online,L,7/3/2013,441395747,8/19/2013,7665,152.58,97.44,1169525.70,746877.60,422648.10
Malaysia,Office Supplies,Online,C,7/7/2014,560608565,8/24/2014,5387,651.21,524.96,3508068.27,2827959.52,680108.75
Sri Lanka,Snacks,Offline,L,11/13/2013,860886800,11/23/2013,4390,152.58,97.44,669826.20,427761.60,242064.60
Uzbekistan,Meat,Offline,H,2/5/2013,806662833,3/27/2013,8313,421.89,364.69,3507171.57,3031667.97,475503.60
Bhutan,Meat,Online,C,5/13/2014,251800048,5/22/2014,2085,421.89,364.69,879640.65,760378.65,119262.00
Kyrgyzstan,Baby Food,Online,L,1/24/2013,671939122,2/14/2013,573,255.28,159.42,146275.44,91347.66,54927.78
Malaysia,Household,Offline,H,10/3/2011,750253188,11/21/2011,5446,668.27,502.54,3639398.42,2736832.84,902565.58
Maldives,Vegetables,Offline,M,1/11/2014,509819114,2/23/2014,5660,154.06,90.93,871979.60,514663.80,357315.80
Laos,Beverages,Online,H,8/17/2014,315254676,9/8/2014,9719,47.45,31.79,461166.55,308967.01,152199.54
Taiwan,Clothes,Offline,M,10/13/2013,769651782,11/3/2013,5921,109.28,35.84,647046.88,212208.64,434838.24
Maldives,Office Supplies,Online,H,4/4/2010,989928519,4/11/2010,702,651.21,524.96,457149.42,368521.92,88627.50
Singapore,Beverages,Offline,L,2/12/2010,936042296,3/17/2010,4571,47.45,31.79,216893.95,145312.09,71581.86
Turkmenistan,Office Supplies,Offline,M,11/24/2016,143657672,1/8/2017,352,651.21,524.96,229225.92,184785.92,44440.00
Tajikistan,Personal Care,Online,M,7/16/2010,492689454,8/16/2010,6613,81.73,56.67,540480.49,374758.71,165721.78
Tajikistan,Meat,Online,M,7/7/2012,368547379,7/12/2012,214,421.89,364.69,90284.46,78043.66,12240.80
Kyrgyzstan,Vegetables,Offline,H,1/29/2017,348286616,2/13/2017,4604,154.06,90.93,709292.24,418641.72,290650.52
Thailand,Vegetables,Online,L,7/17/2010,976871955,8/31/2010,6975,154.06,90.93,1074568.50,634236.75,440331.75
China,Cosmetics,Offline,M,1/14/2017,586165082,1/27/2017,8128,437.20,263.33,3553561.60,2140346.24,1413215.36
Cambodia,Cereal,Online,L,10/3/2011,899853074,10/26/2011,5376,205.70,117.11,1105843.20,629583.36,476259.84
North Korea,Cosmetics,Offline,C,2/17/2017,157244670,3/15/2017,1047,437.20,263.33,457748.40,275706.51,182041.89
Singapore,Cosmetics,Offline,L,10/23/2014,970611894,11/10/2014,4483,437.20,263.33,1959967.60,1180508.39,779459.21
Malaysia,Baby Food,Offline,M,12/16/2016,677394092,12/29/2016,4820,255.28,159.42,1230449.60,768404.40,462045.20
Philippines,Fruits,Offline,L,5/4/2013,827964293,6/1/2013,1888,9.33,6.92,17615.04,13064.96,4550.08
Myanmar,Beverages,Online,H,9/20/2011,644772422,10/26/2011,1343,47.45,31.79,63725.35,42693.97,21031.38
Cambodia,Baby Food,Offline,C,1/2/2012,556738889,1/25/2012,264,255.28,159.42,67393.92,42086.88,25307.04
Vietnam,Personal Care,Offline,L,6/18/2017,109358012,7/10/2017,321,81.73,56.67,26235.33,18191.07,8044.26
North Korea,Beverages,Online,C,8/16/2013,829352176,8/26/2013,2594,47.45,31.79,123085.30,82463.26,40622.04
North Korea,Household,Online,M,7/14/2015,974337804,8/7/2015,7063,668.27,502.54,4719991.01,3549440.02,1170550.99
Japan,Cosmetics,Online,L,1/6/2016,453569972,2/19/2016,289,437.20,263.33,126350.80,76102.37,50248.43
Myanmar,Vegetables,Offline,L,1/14/2013,416386401,2/16/2013,6844,154.06,90.93,1054386.64,622324.92,432061.72
Bhutan,Beverages,Offline,M,8/5/2014,554707705,9/19/2014,9192,47.45,31.79,436160.40,292213.68,143946.72
Indonesia,Personal Care,Online,H,9/10/2011,777840888,10/23/2011,9259,81.73,56.67,756738.07,524707.53,232030.54
Nepal,Cereal,Offline,H,1/13/2015,677284657,1/15/2015,2436,205.70,117.11,501085.20,285279.96,215805.24
Nepal,Fruits,Online,C,7/22/2014,673803794,7/29/2014,2371,9.33,6.92,22121.43,16407.32,5714.11
Maldives,Personal Care,Online,M,10/9/2013,849312102,11/23/2013,9180,81.73,56.67,750281.40,520230.60,230050.80
Maldives,Clothes,Offline,M,12/11/2016,801213872,1/28/2017,5844,109.28,35.84,638632.32,209448.96,429183.36
India,Cereal,Online,C,3/27/2010,160299813,4/6/2010,5132,205.70,117.11,1055652.40,601008.52,454643.88
Tajikistan,Beverages,Offline,C,9/11/2014,337022197,9/22/2014,1212,47.45,31.79,57509.40,38529.48,18979.92
Bhutan,Office Supplies,Offline,M,10/19/2011,221007430,11/10/2011,9865,651.21,524.96,6424186.65,5178730.40,1245456.25
Indonesia,Personal Care,Offline,H,8/17/2016,334612929,10/3/2016,8256,81.73,56.67,674762.88,467867.52,206895.36
Mongolia,Beverages,Offline,M,4/23/2014,270611131,5/24/2014,8702,47.45,31.79,412909.90,276636.58,136273.32
Laos,Snacks,Offline,M,1/3/2012,232389438,1/8/2012,8054,152.58,97.44,1228879.32,784781.76,444097.56
Brunei,Clothes,Offline,H,8/6/2011,612573039,8/9/2011,2830,109.28,35.84,309262.40,101427.20,207835.20
Mongolia,Clothes,Offline,H,9/23/2016,308168065,10/18/2016,2633,109.28,35.84,287734.24,94366.72,193367.52
Nepal,Meat,Offline,C,4/9/2017,919890248,5/18/2017,4821,421.89,364.69,2033931.69,1758170.49,275761.20
