Country,Item Type,Sales Channel,Order Priority,Order Date,Order ID,Ship Date,Units Sold,Unit Price,Unit Cost,Total Revenue,Total Cost,Total Profit
Chad,Fruits,Offline,H,8/16/2011,645713555,8/31/2011,9845,9.33,6.92,91853.85,68127.40,23726.45
Eritrea,Cereal,Online,H,3/4/2015,679414975,4/17/2015,2844,205.70,117.11,585010.80,333060.84,251949.96
Togo,Clothes,Online,M,12/29/2015,451010930,1/19/2016,3012,109.28,35.84,329151.36,107950.08,221201.28
Sudan,Cosmetics,Online,C,12/20/2015,544485270,1/5/2016,4146,437.20,263.33,1812631.20,1091766.18,720865.02
Cape Verde,Clothes,Online,C,9/8/2014,821912801,10/3/2014,1117,109.28,35.84,122065.76,40033.28,82032.48
Senegal,Household,Offline,L,8/27/2012,247802054,9/8/2012,8989,668.27,502.54,6007079.03,4517332.06,1489746.97
Senegal,Beverages,Offline,M,10/22/2014,683927953,11/4/2014,8334,47.45,31.79,395448.30,264937.86,130510.44
Chad,Meat,Offline,H,1/20/2016,357222878,3/9/2016,9043,421.89,364.69,3815151.27,3297891.67,517259.60
Mauritius ,Personal Care,Online,C,1/1/2016,118002879,1/7/2016,8529,81.73,56.67,697075.17,483338.43,213736.74
Benin,Fruits,Online,L,1/28/2014,564646470,3/16/2014,293,9.33,6.92,2733.69,2027.56,706.13
Equatorial Guinea,Office Supplies,Online,M,5/2/2010,211114585,5/14/2010,2352,651.21,524.96,1531645.92,1234705.92,296940.00
Swaziland,Office Supplies,Offline,H,10/3/2013,405785882,10/22/2013,9915,651.21,524.96,6456747.15,5204978.40,1251768.75
Guinea-Bissau,Office Supplies,Offline,C,5/21/2014,133766114,6/12/2014,3221,651.21,524.96,2097547.41,1690896.16,406651.25
Central African Republic,Snacks,Offline,L,11/15/2016,596628272,12/30/2016,4419,152.58,97.44,674251.02,430587.36,243663.66
Equatorial Guinea,Office Supplies,Offline,L,4/3/2015,901712167,4/17/2015,5523,651.21,524.96,3596632.83,2899354.08,697278.75
Burundi,Vegetables,Online,M,11/17/2010,951380240,12/20/2010,3410,154.06,90.93,525344.60,310071.30,215273.30
Madagascar,Fruits,Online,L,5/31/2016,566935575,6/7/2016,7690,9.33,6.92,71747.70,53214.80,18532.90
Botswana,Clothes,Offline,C,3/8/2015,680517470,3/25/2015,9097,109.28,35.84,994120.16,326036.48,668083.68
Tanzania,Personal Care,Online,M,6/21/2013,400304734,7/29/2013,7921,81.73,56.67,647383.33,448883.07,198500.26
Mali,Cereal,Online,L,3/17/2012,235702931,4/3/2012,8590,205.70,117.11,1766963.00,1005974.90,760988.10
Central African Republic,Office Supplies,Offline,C,4/18/2014,668599021,5/12/2014,2163,651.21,524.96,1408567.23,1135488.48,273078.75
Niger,Baby Food,Online,M,1/3/2016,123670709,2/1/2016,5766,255.28,159.42,1471944.48,919215.72,552728.76
Cape Verde,Beverages,Offline,H,10/23/2013,858877503,11/6/2013,9794,47.45,31.79,464725.30,311351.26,153374.04
South Sudan,Meat,Online,C,9/30/2013,159050118,10/1/2013,5319,421.89,364.69,2244032.91,1939786.11,304246.80
Liberia,Cereal,Online,L,2/8/2015,977313554,3/29/2015,7653,205.70,117.11,1574222.10,896242.83,677979.27
Eritrea,Snacks,Offline,L,1/25/2010,546986377,2/10/2010,4279,152.58,97.44,652889.82,416945.76,235944.06
Kenya,Clothes,Offline,M,1/3/2013,262770926,2/8/2013,8611,109.28,35.84,941010.08,308618.24,632391.84
Rwanda,Snacks,Online,M,3/6/2017,866792809,3/18/2017,2109,152.58,97.44,321791.22,205500.96,116290.26
Democratic Republic of the Congo,Personal Care,Offline,H,9/30/2010,331604564,11/17/2010,8014,81.73,56.67,654984.22,454153.38,200830.84
Sudan,Fruits,Online,L,12/26/2012,193775498,1/31/2013,1331,9.33,6.92,12418.23,9210.52,3207.71
Niger,Clothes,Online,M,9/2/2015,835054767,10/9/2015,117,109.28,35.84,12785.76,4193.28,8592.48
Gabon,Household,Offline,C,11/11/2013,167161977,12/24/2013,5798,668.27,502.54,3874629.46,2913726.92,960902.54
Malawi,Vegetables,Online,L,6/22/2012,384013640,7/19/2012,7025,154.06,90.93,1082271.50,638783.25,443488.25
Kenya,Beverages,Online,M,5/11/2012,274200570,6/26/2012,897,47.45,31.79,42562.65,28515.63,14047.02
Eritrea,Cereal,Offline,C,9/3/2014,775076282,9/19/2014,1150,205.70,117.11,236555.00,134676.50,101878.50
Swaziland,Office Supplies,Online,H,9/5/2015,229571187,9/18/2015,4071,651.21,524.96,2651075.91,2137112.16,513963.75
Rwanda,Meat,Offline,H,7/18/2010,207580077,7/18/2010,6413,421.89,364.69,2705580.57,2338756.97,366823.60
Gabon,Snacks,Offline,M,10/3/2010,164569461,10/5/2010,8615,152.58,97.44,1314476.70,839445.60,475031.10
South Africa,Baby Food,Online,L,12/29/2013,734945714,2/12/2014,5624,255.28,159.42,1435694.72,896578.08,539116.64
Ghana,Household,Offline,L,11/10/2012,529612958,12/11/2012,3098,668.27,502.54,2070300.46,1556868.92,513431.54
Namibia,Household,Online,H,1/7/2013,382537782,1/27/2013,285,668.27,502.54,190456.95,143223.90,47233.05
Zimbabwe,Meat,Online,M,11/28/2014,219034612,12/10/2014,6064,421.89,364.69,2558340.96,2211480.16,346860.80
Democratic Republic of the Congo,Fruits,Offline,H,4/15/2017,105966842,5/19/2017,6798,9.33,6.92,63425.34,47042.16,16383.18
Ghana,Cereal,Offline,M,10/31/2013,108989799,12/9/2013,1358,205.70,117.11,279340.60,159035.38,120305.22
Malawi,Cereal,Offline,M,7/30/2014,133812463,8/9/2014,6936,205.70,117.11,1426735.20,812274.96,614460.24
Zimbabwe,Fruits,Offline,L,11/12/2011,731640803,12/30/2011,7627,9.33,6.92,71159.91,52778.84,18381.07
Republic of the Congo,Meat,Offline,H,3/1/2017,738839423,3/31/2017,7859,421.89,364.69,3315633.51,2866098.71,449534.80
Cameroon,Snacks,Online,C,7/16/2013,376456248,8/1/2013,624,152.58,97.44,95209.92,60802.56,34407.36
Lesotho,Office Supplies,Online,H,8/14/2012,946759974,9/14/2012,6170,651.21,524.96,4017965.70,3239003.20,778962.50
Swaziland,Personal Care,Online,H,7/6/2017,377938973,7/11/2017,9396,81.73,56.67,767935.08,532471.32,235463.76
Ethiopia,Personal Care,Offline,C,1/13/2010,967328870,1/15/2010,2964,81.73,56.67,242247.72,167969.88,74277.84
Chad,Office Supplies,Offline,C,9/17/2011,364818465,10/16/2011,6746,651.21,524.96,4393062.66,3541380.16,851682.50
Nigeria,Personal Care,Offline,H,11/18/2011,823739278,12/29/2011,1612,81.73,56.67,131748.76,91352.04,40396.72
Burkina Faso,Office Supplies,Offline,M,5/15/2016,971377074,5/15/2016,917,651.21,524.96,597159.57,481388.32,115771.25
Comoros,Snacks,Offline,L,1/16/2014,858020055,1/17/2014,6056,152.58,97.44,924024.48,590096.64,333927.84
Liberia,Fruits,Online,H,5/18/2010,109966123,6/5/2010,274,9.33,6.92,2556.42,1896.08,660.34
Niger,Baby Food,Online,H,3/8/2017,298856723,4/3/2017,7200,255.28,159.42,1838016.00,1147824.00,690192.00
Guinea-Bissau,Vegetables,Online,C,3/11/2010,531405103,4/19/2010,3434,154.06,90.93,529042.04,312253.62,216788.42
Swaziland,Cereal,Online,L,2/10/2014,713696610,3/28/2014,7542,205.70,117.11,1551389.40,883243.62,668145.78
Mauritius ,Personal Care,Online,L,2/18/2015,686458671,3/8/2015,7230,81.73,56.67,590907.90,409724.10,181183.80
Mozambique,Office Supplies,Online,M,6/14/2012,132082116,7/22/2012,4888,651.21,524.96,3183114.48,2566004.48,617110.00
Guinea-Bissau,Clothes,Online,L,3/31/2014,406275975,5/10/2014,4944,109.28,35.84,540280.32,177192.96,363087.36
Togo,Vegetables,Online,C,8/18/2016,170214545,8/19/2016,9121,154.06,90.93,1405181.26,829372.53,575808.73
Cote d'Ivoire,Personal Care,Offline,C,1/3/2016,795000588,1/8/2016,7196,81.73,56.67,588129.08,407797.32,180331.76
Republic of the Congo,Fruits,Offline,C,10/21/2016,252557933,11/4/2016,6360,9.33,6.92,59338.80,44011.20,15327.60
Guinea,Meat,Offline,M,9/18/2012,251621949,10/20/2012,9381,421.89,364.69,3957750.09,3421156.89,536593.20
Seychelles ,Vegetables,Offline,L,6/1/2010,620441138,6/22/2010,1175,154.06,90.93,181020.50,106842.75,74177.75
Ghana,Baby Food,Offline,L,8/6/2010,251466166,9/8/2010,3282,255.28,159.42,837828.96,523216.44,314612.52
Seychelles ,Baby Food,Online,M,2/18/2016,349157369,4/5/2016,2279,255.28,159.42,581783.12,363318.18,218464.94
Uganda,Clothes,Offline,C,2/13/2012,851652705,3/27/2012,1816,109.28,35.84,198452.48,65085.44,133367.04
Equatorial Guinea,Cereal,Offline,M,9/7/2012,517799222,10/23/2012,7151,205.70,117.11,1470960.70,837453.61,633507.09
Burkina Faso,Vegetables,Online,L,7/20/2011,162866580,7/26/2011,4695,154.06,90.93,723311.70,426916.35,296395.35
Swaziland,Meat,Online,M,8/24/2014,947620856,9/3/2014,924,421.89,364.69,389826.36,336973.56,52852.80
Sudan,Household,Online,C,6/28/2013,585917890,7/23/2013,4979,668.27,502.54,3327316.33,2502146.66,825169.67
Angola,Cereal,Offline,C,10/13/2011,773160541,11/21/2011,4240,205.70,117.11,872168.00,496546.40,375621.60
Burkina Faso,Household,Online,M,2/28/2011,778490626,3/24/2011,1531,668.27,502.54,1023121.37,769388.74,253732.63
Republic of the Congo,Beverages,Online,L,6/25/2012,732568633,7/5/2012,2193,47.45,31.79,104057.85,69715.47,34342.38
Liberia,Fruits,Online,M,10/8/2014,217140328,10/30/2014,5503,9.33,6.92,51342.99,38080.76,13262.23
Mali,Vegetables,Online,C,6/19/2012,555142009,7/10/2012,7712,154.06,90.93,1188110.72,701252.16,486858.56
Djibouti,Snacks,Offline,H,12/22/2012,832713305,2/9/2013,7227,152.58,97.44,1102695.66,704198.88,398496.78
Uganda,Cereal,Online,C,10/20/2010,861601769,12/2/2010,5965,205.70,117.11,1227000.50,698561.15,528439.35
Guinea,Meat,Online,H,12/18/2014,807281672,1/26/2015,1441,421.89,364.69,607943.49,525518.29,82425.20
Equatorial Guinea,Clothes,Offline,H,3/20/2011,661953580,4/24/2011,5629,109.28,35.84,615137.12,201743.36,413393.76
Mali,Beverages,Offline,H,12/21/2012,859909617,1/29/2013,5220,47.45,31.79,247689.00,165943.80,81745.20
Zimbabwe,Vegetables,Offline,C,7/22/2012,768662583,8/10/2012,3195,154.06,90.93,492221.70,290521.35,201700.35
South Africa,Cosmetics,Offline,L,1/21/2015,889740073,1/26/2015,2715,437.20,263.33,1186998.00,714940.95,472057.05
Uganda,Beverages,Online,M,5/10/2012,567614495,6/28/2012,8598,47.45,31.79,407975.10,273330.42,134644.68
Central African Republic,Baby Food,Online,L,1/31/2012,945717132,2/13/2012,7570,255.28,159.42,1932469.60,1206809.40,725660.20
South Africa,Household,Offline,H,9/14/2014,494454562,9/22/2014,8948,668.27,502.54,5979679.96,4496727.92,1482952.04
Benin,Cereal,Online,M,6/5/2012,104845464,7/24/2012,4957,205.70,117.11,1019654.90,580514.27,439140.63
Sudan,Fruits,Online,C,1/28/2016,561255729,2/1/2016,6897,9.33,6.92,64349.01,47727.24,16621.77
Tanzania,Cereal,Offline,C,2/21/2014,270723140,3/9/2014,1848,205.70,117.11,380133.60,216419.28,163714.32
Angola,Cosmetics,Online,H,10/27/2014,125870978,11/20/2014,6874,437.20,263.33,3005312.80,1810130.42,1195182.38
Ethiopia,Beverages,Online,C,2/15/2013,875304210,3/12/2013,822,47.45,31.79,39003.90,26131.38,12872.52
Benin,Cereal,Offline,C,12/12/2016,613830459,1/16/2017,4928,205.70,117.11,1013689.60,577118.08,436571.52
Rwanda,Baby Food,Offline,M,11/3/2014,723090350,11/27/2014,7358,255.28,159.42,1878350.24,1173012.36,705337.88
Mauritania,Meat,Offline,M,8/3/2013,306125295,8/15/2013,8132,421.89,364.69,3430809.48,2965659.08,465150.40
Malawi,Beverages,Online,H,1/28/2012,686583554,2/22/2012,4186,47.45,31.79,198625.70,133072.94,65552.76
Zimbabwe,Meat,Offline,M,10/30/2016,855445134,12/6/2016,4080,421.89,364.69,1721311.20,1487935.20,233376.00
Central African Republic,Vegetables,Online,L,10/9/2012,585931193,11/21/2012,8916,154.06,90.93,1373598.96,810731.88,562867.08
Zimbabwe,Beverages,Offline,L,12/18/2015,567588317,12/26/2015,851,47.45,31.79,40379.95,27053.29,13326.66
Central African Republic,Cosmetics,Offline,H,3/27/2016,877424657,4/10/2016,8309,437.20,263.33,3632694.80,2188008.97,1444685.83
Democratic Republic of the Congo,Fruits,Offline,M,4/18/2013,243102395,4/18/2013,8256,9.33,6.92,77028.48,57131.52,19896.96
Sudan,Office Supplies,Online,H,3/9/2016,800084340,4/21/2016,1591,651.21,524.96,1036075.11,835211.36,200863.75
Mauritania,Beverages,Online,L,4/19/2011,186196649,5/28/2011,8581,47.45,31.79,407168.45,272789.99,134378.46
Djibouti,Baby Food,Online,H,7/12/2015,109956681,7/24/2015,7480,255.28,159.42,1909494.40,1192461.60,717032.80
Sao Tome and Principe,Meat,Offline,M,3/28/2014,386163699,4/19/2014,3275,421.89,364.69,1381689.75,1194359.75,187330.00
Mozambique,Beverages,Online,M,10/14/2014,625283706,10/23/2014,4199,47.45,31.79,199242.55,133486.21,65756.34
Democratic Republic of the Congo,Personal Care,Offline,M,5/2/2011,351855885,6/2/2011,830,81.73,56.67,67835.90,47036.10,20799.80
Chad,Fruits,Offline,C,11/5/2010,430081975,12/9/2010,9669,9.33,6.92,90211.77,66909.48,23302.29
Chad,Meat,Offline,M,3/25/2012,479447925,4/4/2012,8150,421.89,364.69,3438403.50,2972223.50,466180.00
Malawi,Cosmetics,Offline,H,6/20/2017,674421346,6/29/2017,5118,437.20,263.33,2237589.60,1347722.94,889866.66
South Africa,Meat,Online,L,5/20/2012,207922542,7/1/2012,7755,421.89,364.69,3271756.95,2828170.95,443586.00
Mauritius ,Cosmetics,Offline,H,4/17/2010,151839911,5/22/2010,1659,437.20,263.33,725314.80,436864.47,288450.33
Ghana,Household,Online,M,2/26/2013,607080304,4/5/2013,7408,668.27,502.54,4950544.16,3722816.32,1227727.84
Malawi,Baby Food,Online,M,12/28/2011,792729079,1/17/2012,5006,255.28,159.42,1277931.68,798056.52,479875.16
Zimbabwe,Baby Food,Offline,M,8/21/2014,308170640,10/10/2014,3395,255.28,159.42,866675.60,541230.90,325444.70
Mauritius ,Household,Online,L,9/6/2012,216552817,9/27/2012,1646,668.27,502.54,1099972.42,827180.84,272791.58
Lesotho,Fruits,Online,H,9/16/2010,536028802,9/22/2010,1689,9.33,6.92,15758.37,11687.88,4070.49
Mali,Beverages,Online,L,8/13/2013,254291713,8/15/2013,9424,47.45,31.79,447168.80,299588.96,147579.84
Burundi,Cosmetics,Offline,H,5/27/2011,562817418,6/2/2011,9036,437.20,263.33,3950539.20,2379449.88,1571089.32
Cape Verde,Snacks,Offline,C,2/13/2017,228836476,3/13/2017,6653,152.58,97.44,1015114.74,648268.32,366846.42
Angola,Beverages,Offline,H,10/23/2014,141259562,11/11/2014,698,47.45,31.79,33120.10,22189.42,10930.68
Mozambique,Fruits,Offline,H,3/23/2010,861462724,4/19/2010,4818,9.33,6.92,44951.94,33340.56,11611.38
Niger,Cereal,Offline,L,6/16/2012,640942227,7/4/2012,7903,205.70,117.11,1625647.10,925520.33,700126.77
Guinea,Baby Food,Offline,C,9/21/2014,738199555,9/21/2014,8508,255.28,159.42,2171922.24,1356345.36,815576.88
Guinea-Bissau,Snacks,Online,L,8/8/2015,110667788,9/10/2015,7913,152.58,97.44,1207365.54,771042.72,436322.82
South Sudan,Office Supplies,Online,C,7/19/2012,673573338,7/20/2012,4174,651.21,524.96,2718150.54,2191183.04,526967.50
Namibia,Beverages,Offline,H,8/14/2012,554045522,9/20/2012,3237,47.45,31.79,153595.65,102904.23,50691.42
Mozambique,Household,Online,C,8/6/2010,717110955,8/9/2010,7922,668.27,502.54,5294034.94,3981121.88,1312913.06
Democratic Republic of the Congo,Baby Food,Offline,L,2/25/2013,559299647,3/26/2013,8049,255.28,159.42,2054748.72,1283171.58,771577.14
Mali,Meat,Online,L,7/14/2012,286014306,8/15/2012,6844,421.89,364.69,2887415.16,2495938.36,391476.80
Liberia,Office Supplies,Offline,C,9/24/2014,459112060,10/12/2014,316,651.21,524.96,205782.36,165887.36,39895.00
Niger,Beverages,Online,C,10/25/2013,742141759,10/28/2013,5093,47.45,31.79,241662.85,161906.47,79756.38
South Sudan,Baby Food,Online,C,11/9/2012,473527753,12/29/2012,6240,255.28,159.42,1592947.20,994780.80,598166.40
Liberia,Snacks,Online,H,9/17/2011,460379779,11/4/2011,5462,152.58,97.44,833391.96,532217.28,301174.68
Cote d'Ivoire,Vegetables,Online,C,10/23/2015,837067067,10/26/2015,5602,154.06,90.93,863044.12,509389.86,353654.26
Liberia,Beverages,Online,L,5/19/2014,285884702,6/10/2014,8491,47.45,31.79,402897.95,269928.89,132969.06
Equatorial Guinea,Meat,Offline,L,7/15/2016,565798747,8/9/2016,1277,421.89,364.69,538753.53,465709.13,73044.40
Republic of the Congo,Fruits,Online,L,4/30/2012,251529252,5/5/2012,1950,9.33,6.92,18193.50,13494.00,4699.50
Senegal,Fruits,Offline,H,7/2/2016,292180383,8/15/2016,1523,9.33,6.92,14209.59,10539.16,3670.43
Ghana,Meat,Offline,C,2/9/2017,580854308,3/18/2017,6552,421.89,364.69,2764223.28,2389448.88,374774.40
Ethiopia,Household,Online,M,6/25/2013,195840156,7/25/2013,2309,668.27,502.54,1543035.43,1160364.86,382670.57
Burkina Faso,Cosmetics,Offline,L,10/11/2012,849630105,11/9/2012,3284,437.20,263.33,1435764.80,864775.72,570989.08
Madagascar,Fruits,Offline,M,7/8/2017,701816356,7/30/2017,1910,9.33,6.92,17820.30,13217.20,4603.10
South Sudan,Fruits,Online,M,1/9/2016,793938434,2/8/2016,2880,9.33,6.92,26870.40,19929.60,6940.80
Cape Verde,Fruits,Offline,H,3/2/2013,695557582,4/3/2013,9800,9.33,6.92,91434.00,67816.00,23618.00
Malawi,Household,Offline,H,2/17/2010,521445310,4/4/2010,6110,668.27,502.54,4083129.70,3070519.40,1012610.30
Niger,Meat,Online,C,12/4/2012,156619393,12/5/2012,6014,421.89,364.69,2537246.46,2193245.66,344000.80
Mali,Fruits,Offline,H,7/24/2013,333281266,7/28/2013,4188,9.33,6.92,39074.04,28980.96,10093.08
Swaziland,Clothes,Offline,M,3/10/2014,844997823,4/26/2014,2488,109.28,35.84,271888.64,89169.92,182718.72
Botswana,Office Supplies,Online,C,1/5/2013,256158959,1/18/2013,1983,651.21,524.96,1291349.43,1040995.68,250353.75
Namibia,Cosmetics,Offline,C,7/29/2010,178377473,9/1/2010,4713,437.20,263.33,2060523.60,1241074.29,819449.31
Burundi,Snacks,Offline,M,2/8/2013,353061807,3/5/2013,7689,152.58,97.44,1173187.62,749216.16,423971.46
Seychelles ,Personal Care,Online,C,1/17/2011,379710948,1/30/2011,3762,81.73,56.67,307468.26,213192.54,94275.72
Kenya,Cereal,Online,H,10/11/2015,473555219,11/6/2015,4368,205.70,117.11,898497.60,511536.48,386961.12
Benin,Office Supplies,Online,C,2/21/2011,547143447,2/23/2011,760,651.21,524.96,494919.60,398969.60,95950.00
Mozambique,Beverages,Online,C,12/20/2014,376547658,12/26/2014,7675,47.45,31.79,364178.75,243988.25,120190.50
Mauritius ,Cereal,Offline,L,8/2/2016,994566810,9/1/2016,3275,205.70,117.11,673667.50,383535.25,290132.25
South Africa,Fruits,Offline,L,3/2/2011,821587932,3/11/2011,4981,9.33,6.92,46472.73,34468.52,12004.21
Seychelles ,Household,Online,C,9/28/2013,109694898,10/16/2013,13,668.27,502.54,8687.51,6533.02,2154.49
Benin,Meat,Offline,M,5/5/2014,340827071,6/5/2014,7159,421.89,364.69,3020310.51,2610815.71,409494.80
Benin,Meat,Offline,L,11/28/2014,372845780,12/9/2014,2207,421.89,364.69,931111.23,804870.83,126240.40
South Sudan,Beverages,Online,C,8/9/2010,683184659,8/23/2010,8377,47.45,31.79,397488.65,266304.83,131183.82
Sudan,Cereal,Online,M,8/17/2013,860287702,9/11/2013,7103,205.70,117.11,1461087.10,831832.33,629254.77
Swaziland,Baby Food,Offline,M,9/25/2013,151807725,9/29/2013,2134,255.28,159.42,544767.52,340202.28,204565.24
Rwanda,Meat,Offline,C,8/21/2013,884493243,10/2/2013,61,421.89,364.69,25735.29,22246.09,3489.20
Central African Republic,Vegetables,Online,C,9/4/2012,641146934,10/4/2012,8480,154.06,90.93,1306428.80,771086.40,535342.40
Djibouti,Household,Offline,C,8/26/2013,663065516,9/9/2013,4676,668.27,502.54,3124830.52,2349877.04,774953.48
Seychelles ,Office Supplies,Offline,C,4/14/2010,611816871,5/16/2010,9063,651.21,524.96,5901916.23,4757712.48,1144203.75
Nigeria,Vegetables,Offline,C,7/21/2010,211201274,9/9/2010,8005,154.06,90.93,1233250.30,727894.65,505355.65
Rwanda,Fruits,Online,H,6/9/2015,925333631,7/25/2015,5639,9.33,6.92,52611.87,39021.88,13589.99
South Sudan,Cosmetics,Offline,H,8/3/2013,487014758,8/30/2013,7344,437.20,263.33,3210796.80,1933895.52,1276901.28
Kenya,Office Supplies,Offline,L,3/19/2016,234825313,3/23/2016,8883,651.21,524.96,5784698.43,4663219.68,1121478.75
Cape Verde,Cosmetics,Online,H,6/12/2013,194225251,6/19/2013,4423,437.20,263.33,1933735.60,1164708.59,769027.01
Madagascar,Clothes,Offline,H,5/22/2017,958937633,7/5/2017,9810,109.28,35.84,1072036.80,351590.40,720446.40
Ethiopia,Vegetables,Online,C,8/6/2011,304832684,9/6/2011,5620,154.06,90.93,865817.20,511026.60,354790.60
Tanzania,Household,Offline,C,4/5/2015,128090989,4/27/2015,3825,668.27,502.54,2556132.75,1922215.50,633917.25
Cote d'Ivoire,Vegetables,Offline,M,7/8/2014,641489398,7/28/2014,9823,154.06,90.93,1513331.38,893205.39,620125.99
Mali,Baby Food,Offline,M,3/2/2016,431535089,3/19/2016,9677,255.28,159.42,2470344.56,1542707.34,927637.22
Burundi,Snacks,Offline,C,5/22/2010,325412309,7/7/2010,5588,152.58,97.44,852617.04,544494.72,308122.32
Zimbabwe,Fruits,Offline,H,10/5/2014,903740775,10/23/2014,5833,9.33,6.92,54421.89,40364.36,14057.53
Comoros,Meat,Offline,L,10/31/2010,794969689,11/13/2010,8052,421.89,364.69,3397058.28,2936483.88,460574.40
Namibia,Clothes,Online,L,11/27/2012,584204280,1/1/2013,7884,109.28,35.84,861563.52,282562.56,579000.96
Guinea-Bissau,Cereal,Online,L,1/23/2015,138867890,2/22/2015,2950,205.70,117.11,606815.00,345474.50,261340.50
Lesotho,Beverages,Offline,L,3/2/2010,670613467,3/21/2010,8282,47.45,31.79,392980.90,263284.78,129696.12
Benin,Meat,Offline,H,1/21/2015,960269725,2/22/2015,4006,421.89,364.69,1690091.34,1460948.14,229143.20
Benin,Household,Offline,C,11/26/2016,962186753,1/12/2017,1297,668.27,502.54,866746.19,651794.38,214951.81
South Sudan,Beverages,Online,L,9/23/2011,806298053,10/24/2011,366,47.45,31.79,17366.70,11635.14,5731.56
Comoros,Personal Care,Online,L,10/24/2010,719362294,12/3/2010,4144,81.73,56.67,338689.12,234840.48,103848.64
Namibia,Vegetables,Offline,C,8/11/2014,461823451,9/4/2014,2677,154.06,90.93,412418.62,243419.61,168999.01
Ethiopia,Office Supplies,Online,L,12/19/2016,169754493,1/20/2017,2982,651.21,524.96,1941908.22,1565430.72,376477.50
Nigeria,Baby Food,Online,L,2/3/2012,238414323,2/27/2012,951,255.28,159.42,242771.28,151608.42,91162.86
Djibouti,Baby Food,Online,C,9/11/2013,402084004,10/5/2013,4447,255.28,159.42,1135230.16,708940.74,426289.42
Sudan,Vegetables,Offline,M,2/2/2014,241281497,3/3/2014,9412,154.06,90.93,1450012.72,855833.16,594179.56
Angola,Meat,Offline,L,4/30/2016,267614781,5/12/2016,2016,421.89,364.69,850530.24,735215.04,115315.20
Madagascar,Cereal,Offline,H,8/18/2016,469414317,8/19/2016,8983,205.70,117.11,1847803.10,1051999.13,795803.97
Guinea-Bissau,Clothes,Online,L,6/18/2015,867360150,7/1/2015,9998,109.28,35.84,1092581.44,358328.32,734253.12
Djibouti,Baby Food,Offline,H,5/17/2012,958912742,6/28/2012,2444,255.28,159.42,623904.32,389622.48,234281.84
Guinea-Bissau,Vegetables,Online,L,2/28/2017,522921168,3/2/2017,2849,154.06,90.93,438916.94,259059.57,179857.37
Niger,Clothes,Offline,M,1/10/2012,201730287,2/19/2012,5330,109.28,35.84,582462.40,191027.20,391435.20
Ghana,Office Supplies,Offline,L,11/29/2013,109228837,12/7/2013,2095,651.21,524.96,1364284.95,1099791.20,264493.75
Cote d'Ivoire,Clothes,Online,H,6/8/2010,706399714,7/19/2010,8228,109.28,35.84,899155.84,294891.52,604264.32
Niger,Office Supplies,Offline,M,12/8/2013,940904176,1/7/2014,3309,651.21,524.96,2154853.89,1737092.64,417761.25
Malawi,Beverages,Offline,L,9/4/2016,474178349,9/26/2016,8766,47.45,31.79,415946.70,278671.14,137275.56
Cape Verde,Personal Care,Offline,L,7/19/2016,458942115,7/29/2016,25,81.73,56.67,2043.25,1416.75,626.50
Nigeria,Beverages,Online,L,1/25/2011,960085189,2/13/2011,9397,47.45,31.79,445887.65,298730.63,147157.02
Angola,Personal Care,Online,H,12/13/2010,461768949,12/30/2010,6548,81.73,56.67,535168.04,371075.16,164092.88
South Sudan,Household,Offline,H,12/9/2010,606055057,1/23/2011,4014,668.27,502.54,2682435.78,2017195.56,665240.22
Sao Tome and Principe,Cosmetics,Offline,M,2/25/2014,448621833,3/3/2014,6025,437.20,263.33,2634130.00,1586563.25,1047566.75
Madagascar,Fruits,Online,M,7/23/2017,987714517,9/11/2017,5530,9.33,6.92,51594.90,38267.60,13327.30
Senegal,Household,Online,H,5/7/2016,711141002,6/14/2016,1280,668.27,502.54,855385.60,643251.20,212134.40
Sierra Leone,Office Supplies,Online,C,3/24/2012,361137616,4/18/2012,7501,651.21,524.96,4884726.21,3937724.96,947001.25
Zimbabwe,Personal Care,Offline,L,8/23/2011,147599017,8/28/2011,6684,81.73,56.67,546283.32,378782.28,167501.04
Zimbabwe,Vegetables,Online,M,6/26/2014,727131259,8/9/2014,3153,154.06,90.93,485751.18,286702.29,199048.89
Ghana,Office Supplies,Offline,L,3/2/2015,634153020,3/11/2015,8826,651.21,524.96,5747579.46,4633296.96,1114282.50
Angola,Household,Online,L,1/14/2013,576455485,2/13/2013,4843,668.27,502.54,3236431.61,2433801.22,802630.39
Sierra Leone,Cosmetics,Offline,H,7/11/2011,867374312,8/3/2011,4189,437.20,263.33,1831430.80,1103089.37,728341.43
Uganda,Fruits,Online,L,5/4/2010,624295365,6/23/2010,1727,9.33,6.92,16112.91,11950.84,4162.07
Mauritania,Meat,Offline,H,8/17/2014,622758996,10/1/2014,7081,421.89,364.69,2987403.09,2582369.89,405033.20
Burundi,Baby Food,Online,H,1/4/2016,659845149,1/29/2016,1698,255.28,159.42,433465.44,270695.16,162770.28
Zambia,Baby Food,Offline,H,5/17/2011,830923306,6/5/2011,7526,255.28,159.42,1921237.28,1199794.92,721442.36
Ghana,Household,Online,L,2/17/2015,395563447,3/30/2015,4869,668.27,502.54,3253806.63,2446867.26,806939.37
Guinea,Meat,Offline,M,6/7/2011,500160586,6/7/2011,7487,421.89,364.69,3158690.43,2730434.03,428256.40
Zambia,Fruits,Online,L,5/26/2015,360820043,7/2/2015,3524,9.33,6.92,32878.92,24386.08,8492.84
Lesotho,Personal Care,Offline,M,6/28/2014,543723094,7/2/2014,8601,81.73,56.67,702959.73,487418.67,215541.06
Chad,Baby Food,Offline,H,8/9/2016,579379737,8/26/2016,194,255.28,159.42,49524.32,30927.48,18596.84
Mozambique,Fruits,Online,C,12/14/2012,433228528,12/21/2012,804,9.33,6.92,7501.32,5563.68,1937.64
Niger,Baby Food,Online,L,2/4/2015,184170186,2/17/2015,8906,255.28,159.42,2273523.68,1419794.52,853729.16
Gabon,Baby Food,Online,L,2/1/2012,249237573,2/21/2012,3791,255.28,159.42,967766.48,604361.22,363405.26
Botswana,Cereal,Online,C,5/3/2017,129268586,6/21/2017,2302,205.70,117.11,473521.40,269587.22,203934.18
Angola,Snacks,Online,C,11/26/2012,480456435,12/16/2012,6591,152.58,97.44,1005654.78,642227.04,363427.74
Namibia,Vegetables,Online,L,5/8/2016,446970021,5/9/2016,7217,154.06,90.93,1111851.02,656241.81,455609.21
Tanzania,Household,Offline,C,2/4/2013,278910958,2/4/2013,4805,668.27,502.54,3211037.35,2414704.70,796332.65
Cote d'Ivoire,Cereal,Online,L,7/30/2016,105390059,8/25/2016,6115,205.70,117.11,1257855.50,716127.65,541727.85
Gabon,Snacks,Online,L,4/16/2016,779897391,5/5/2016,7824,152.58,97.44,1193785.92,762370.56,431415.36
Chad,Office Supplies,Online,H,6/25/2014,444540584,8/2/2014,8292,651.21,524.96,5399833.32,4352968.32,1046865.00
Republic of the Congo,Clothes,Online,H,7/29/2012,542669522,9/11/2012,6826,109.28,35.84,745945.28,244643.84,501301.44
Uganda,Personal Care,Online,M,11/4/2012,512019383,12/12/2012,6769,81.73,56.67,553230.37,383599.23,169631.14
The Gambia,Vegetables,Online,M,9/30/2013,718327605,11/10/2013,7956,154.06,90.93,1225701.36,723439.08,502262.28
Kenya,Meat,Offline,C,2/19/2017,531067359,2/20/2017,3488,421.89,364.69,1471552.32,1272038.72,199513.60
Senegal,Cereal,Offline,M,3/23/2017,630488908,4/30/2017,4534,205.70,117.11,932643.80,530976.74,401667.06
Liberia,Snacks,Offline,M,7/13/2014,370116364,8/17/2014,4512,152.58,97.44,688440.96,439649.28,248791.68
Sao Tome and Principe,Cereal,Offline,M,4/27/2015,267066323,5/19/2015,9715,205.70,117.11,1998375.50,1137723.65,860651.85
Lesotho,Personal Care,Offline,C,10/22/2011,579913604,10/23/2011,8177,81.73,56.67,668306.21,463390.59,204915.62
Lesotho,Baby Food,Online,L,6/6/2013,960486018,7/4/2013,8012,255.28,159.42,2045303.36,1277273.04,768030.32
Mauritius ,Cereal,Offline,C,6/25/2015,859686028,7/10/2015,9055,205.70,117.11,1862613.50,1060431.05,802182.45
Sao Tome and Principe,Clothes,Online,H,8/10/2015,669355189,9/26/2015,5930,109.28,35.84,648030.40,212531.20,435499.20
Swaziland,Personal Care,Offline,H,9/26/2012,890010011,10/14/2012,2595,81.73,56.67,212089.35,147058.65,65030.70
Zimbabwe,Fruits,Offline,C,7/26/2010,314004981,8/9/2010,9907,9.33,6.92,92432.31,68556.44,23875.87
Lesotho,Snacks,Offline,M,3/9/2016,461408460,3/15/2016,9872,152.58,97.44,1506269.76,961927.68,544342.08
The Gambia,Vegetables,Offline,L,10/4/2016,823444449,10/30/2016,4366,154.06,90.93,672625.96,397000.38,275625.58
Angola,Household,Offline,H,4/8/2015,243882596,5/11/2015,9135,668.27,502.54,6104646.45,4590702.90,1513943.55
Sierra Leone,Fruits,Offline,C,4/23/2012,627122199,4/29/2012,8250,9.33,6.92,76972.50,57090.00,19882.50
Comoros,Household,Online,M,4/22/2012,369681203,5/9/2012,5738,668.27,502.54,3834533.26,2883574.52,950958.74
Sudan,Vegetables,Offline,H,12/4/2016,817192542,12/22/2016,4288,154.06,90.93,660609.28,389907.84,270701.44
Central African Republic,Household,Online,H,1/10/2010,256994950,2/19/2010,9372,668.27,502.54,6263026.44,4709804.88,1553221.56
Burundi,Beverages,Online,C,12/8/2011,312559163,12/16/2011,2057,47.45,31.79,97604.65,65392.03,32212.62
Comoros,Personal Care,Offline,H,12/31/2014,864981782,2/11/2015,6186,81.73,56.67,505581.78,350560.62,155021.16
Democratic Republic of the Congo,Office Supplies,Online,C,2/4/2013,328856265,2/12/2013,4732,651.21,524.96,3081525.72,2484110.72,597415.00
Mali,Beverages,Online,L,3/17/2012,410452497,3/26/2012,870,47.45,31.79,41281.50,27657.30,13624.20
Liberia,Cereal,Offline,H,12/17/2015,642683303,1/20/2016,3126,205.70,117.11,643018.20,366085.86,276932.34
