Country,Item Type,Sales Channel,Order Priority,Order Date,Order ID,Ship Date,Units Sold,Unit Price,Unit Cost,Total Revenue,Total Cost,Total Profit
Libya,Cosmetics,Offline,M,10/18/2014,686800706,10/31/2014,8446,437.20,263.33,3692591.20,2224085.18,1468506.02
Libya,Baby Food,Offline,C,10/31/2016,246222341,12/9/2016,1517,255.28,159.42,387259.76,241840.14,145419.62
Algeria,Personal Care,Online,H,2/20/2011,127468717,3/9/2011,9681,81.73,56.67,791228.13,548622.27,242605.86
Morocco,Beverages,Offline,C,6/1/2017,944415509,6/23/2017,2391,47.45,31.79,113452.95,76009.89,37443.06
Turkey,Meat,Online,L,10/5/2011,681298100,11/20/2011,103,421.89,364.69,43454.67,37563.07,5891.60
Israel,Personal Care,Offline,H,8/26/2015,262749040,8/30/2015,2135,81.73,56.67,174493.55,120990.45,53503.10
Qatar,Personal Care,Offline,L,5/6/2012,481065833,5/8/2012,6925,81.73,56.67,565980.25,392439.75,173540.50
Tunisia ,Cereal,Online,L,4/9/2010,221975171,5/17/2010,6241,205.70,117.11,1283773.70,730883.51,552890.19
Libya,Cereal,Offline,M,3/27/2014,964214932,3/31/2014,1480,205.70,117.11,304436.00,173322.80,131113.20
Afghanistan,Cereal,Online,M,10/13/2016,410067975,11/20/2016,7081,205.70,117.11,1456561.70,829255.91,627305.79
Jordan,Vegetables,Offline,L,6/13/2015,698002040,7/29/2015,3170,154.06,90.93,488370.20,288248.10,200122.10
Israel,Personal Care,Online,M,12/10/2016,173571383,1/11/2017,2484,81.73,56.67,203017.32,140768.28,62249.04
United Arab Emirates,Snacks,Offline,H,3/20/2011,115309941,4/6/2011,1629,152.58,97.44,248552.82,158729.76,89823.06
Somalia,Clothes,Offline,M,11/15/2011,414887797,11/17/2011,3374,109.28,35.84,368710.72,120924.16,247786.56
Egypt,Beverages,Offline,M,9/6/2014,749690568,10/26/2014,8954,47.45,31.79,424867.30,284647.66,140219.64
Oman,Snacks,Offline,M,4/9/2013,887313640,4/21/2013,4679,152.58,97.44,713921.82,455921.76,258000.06
Bahrain,Office Supplies,Offline,L,5/14/2012,554154527,5/15/2012,5494,651.21,524.96,3577747.74,2884130.24,693617.50
Iraq,Office Supplies,Online,C,9/30/2011,887927329,10/2/2011,6283,651.21,524.96,4091552.43,3298323.68,793228.75
Lebanon,Clothes,Offline,H,12/6/2015,310343015,12/28/2015,6249,109.28,35.84,682890.72,223964.16,458926.56
Morocco,Office Supplies,Online,C,3/8/2014,167882096,3/31/2014,8898,651.21,524.96,5794466.58,4671094.08,1123372.50
Israel,Meat,Offline,M,12/1/2010,248093020,12/16/2010,5093,421.89,364.69,2148685.77,1857366.17,291319.60
Iran,Baby Food,Offline,H,12/11/2014,700620734,1/5/2015,8099,255.28,159.42,2067512.72,1291142.58,776370.14
Israel,Beverages,Offline,C,12/15/2011,608414113,12/23/2011,2111,47.45,31.79,100166.95,67108.69,33058.26
Lebanon,Household,Online,L,3/8/2016,276661765,4/20/2016,9219,668.27,502.54,6160781.13,4632916.26,1527864.87
Libya,Baby Food,Offline,M,12/10/2016,635122907,12/13/2016,5837,255.28,159.42,1490069.36,930534.54,559534.82
Jordan,Household,Online,M,1/29/2014,371123158,2/9/2014,2445,668.27,502.54,1633920.15,1228710.30,405209.85
Afghanistan,Baby Food,Online,M,7/8/2012,767401731,7/30/2012,80,255.28,159.42,20422.40,12753.60,7668.80
Somalia,Baby Food,Online,L,1/24/2014,236911857,2/25/2014,6338,255.28,159.42,1617964.64,1010403.96,607560.68
Yemen,Baby Food,Online,C,10/11/2014,482649838,11/13/2014,5668,255.28,159.42,1446927.04,903592.56,543334.48
Israel,Baby Food,Offline,M,9/19/2015,212058293,10/6/2015,1616,255.28,159.42,412532.48,257622.72,154909.76
Tunisia ,Personal Care,Offline,H,11/1/2010,888248336,11/7/2010,1276,81.73,56.67,104287.48,72310.92,31976.56
Libya,Vegetables,Online,C,1/2/2015,276225316,2/9/2015,64,154.06,90.93,9859.84,5819.52,4040.32
Jordan,Vegetables,Online,C,6/1/2014,603426492,6/15/2014,6163,154.06,90.93,949471.78,560401.59,389070.19
Iran,Vegetables,Offline,M,12/16/2015,938025844,1/21/2016,1547,154.06,90.93,238330.82,140668.71,97662.11
Algeria,Vegetables,Online,C,2/25/2017,155710446,2/25/2017,7036,154.06,90.93,1083966.16,639783.48,444182.68
Saudi Arabia,Vegetables,Online,M,8/28/2012,808890140,9/22/2012,7422,154.06,90.93,1143433.32,674882.46,468550.86
Yemen,Cereal,Offline,H,11/24/2012,266820847,12/10/2012,7073,205.70,117.11,1454916.10,828319.03,626597.07
Qatar,Clothes,Offline,L,1/3/2015,675079667,1/7/2015,9930,109.28,35.84,1085150.40,355891.20,729259.20
Israel,Personal Care,Online,L,5/13/2012,290455615,5/28/2012,1126,81.73,56.67,92027.98,63810.42,28217.56
Pakistan,Beverages,Online,L,9/8/2014,275269162,9/15/2014,7117,47.45,31.79,337701.65,226249.43,111452.22
Pakistan,Cereal,Offline,M,5/18/2012,563915622,6/10/2012,4019,205.70,117.11,826708.30,470665.09,356043.21
Israel,Beverages,Online,C,10/23/2014,581990706,11/15/2014,2838,47.45,31.79,134663.10,90220.02,44443.08
Yemen,Cosmetics,Online,L,12/30/2012,739474999,1/1/2013,5940,437.20,263.33,2596968.00,1564180.20,1032787.80
Turkey,Meat,Online,H,1/6/2016,867222821,2/6/2016,9359,421.89,364.69,3948468.51,3413133.71,535334.80
Yemen,Office Supplies,Offline,C,12/9/2013,936574876,1/9/2014,2173,651.21,524.96,1415079.33,1140738.08,274341.25
Tunisia ,Cereal,Online,H,12/1/2015,263506495,12/14/2015,6283,205.70,117.11,1292413.10,735802.13,556610.97
Qatar,Cosmetics,Online,M,8/4/2011,432037627,8/18/2011,8390,437.20,263.33,3668108.00,2209338.70,1458769.30
Turkey,Clothes,Online,C,6/28/2016,914391076,8/4/2016,7494,109.28,35.84,818944.32,268584.96,550359.36
Turkey,Cosmetics,Offline,C,5/15/2010,409873998,6/3/2010,9679,437.20,263.33,4231658.80,2548771.07,1682887.73
Iran,Household,Offline,L,4/19/2014,668362987,5/13/2014,2315,668.27,502.54,1547045.05,1163380.10,383664.95
Tunisia ,Meat,Offline,C,8/9/2015,154119145,9/21/2015,6135,421.89,364.69,2588295.15,2237373.15,350922.00
Somalia,Personal Care,Online,C,3/20/2013,749912869,4/25/2013,4738,81.73,56.67,387236.74,268502.46,118734.28
Tunisia ,Snacks,Offline,L,7/3/2012,286210000,8/5/2012,4754,152.58,97.44,725365.32,463229.76,262135.56
Iraq,Beverages,Online,L,12/4/2014,515007579,1/11/2015,1042,47.45,31.79,49442.90,33125.18,16317.72
Syria,Household,Online,C,6/17/2015,576700961,7/23/2015,7485,668.27,502.54,5002000.95,3761511.90,1240489.05
United Arab Emirates,Clothes,Offline,C,6/23/2012,556480538,8/7/2012,3812,109.28,35.84,416575.36,136622.08,279953.28
Turkey,Snacks,Offline,H,8/26/2011,708215034,9/13/2011,5421,152.58,97.44,827136.18,528222.24,298913.94
Azerbaijan,Office Supplies,Offline,M,12/14/2015,888670623,12/16/2015,6240,651.21,524.96,4063550.40,3275750.40,787800.00
Algeria,Meat,Offline,M,9/2/2011,183022201,10/15/2011,9191,421.89,364.69,3877590.99,3351865.79,525725.20
Jordan,Fruits,Online,C,5/15/2017,521787345,6/25/2017,7325,9.33,6.92,68342.25,50689.00,17653.25
Somalia,Cereal,Offline,C,6/25/2015,215434443,6/30/2015,694,205.70,117.11,142755.80,81274.34,61481.46
Kuwait,Snacks,Online,L,10/26/2011,489784085,11/1/2011,6850,152.58,97.44,1045173.00,667464.00,377709.00
Turkey,Baby Food,Online,M,4/26/2014,224287021,5/17/2014,368,255.28,159.42,93943.04,58666.56,35276.48
Morocco,Beverages,Offline,C,8/28/2012,632093942,9/5/2012,9499,47.45,31.79,450727.55,301973.21,148754.34
Jordan,Vegetables,Online,M,9/14/2010,151854932,10/19/2010,6104,154.06,90.93,940382.24,555036.72,385345.52
Pakistan,Fruits,Offline,L,9/13/2011,733563411,9/20/2011,6569,9.33,6.92,61288.77,45457.48,15831.29
Egypt,Meat,Online,C,1/14/2011,972678697,2/25/2011,6096,421.89,364.69,2571841.44,2223150.24,348691.20
Egypt,Baby Food,Offline,M,9/8/2015,939787089,9/9/2015,2739,255.28,159.42,699211.92,436651.38,262560.54
Qatar,Cereal,Offline,C,8/5/2014,180412948,8/24/2014,7055,205.70,117.11,1451213.50,826211.05,625002.45
Oman,Fruits,Online,C,11/21/2010,960905301,11/25/2010,2087,9.33,6.92,19471.71,14442.04,5029.67
Qatar,Meat,Online,H,8/30/2016,635309588,10/14/2016,1080,421.89,364.69,455641.20,393865.20,61776.00
Pakistan,Clothes,Offline,M,6/28/2010,450849997,7/21/2010,5388,109.28,35.84,588800.64,193105.92,395694.72
Pakistan,Vegetables,Offline,M,4/25/2013,538957345,4/25/2013,8310,154.06,90.93,1280238.60,755628.30,524610.30
Lebanon,Office Supplies,Online,L,11/20/2013,572550618,11/25/2013,9306,651.21,524.96,6060160.26,4885277.76,1174882.50
Tunisia ,Snacks,Online,H,3/20/2017,177950036,4/29/2017,8225,152.58,97.44,1254970.50,801444.00,453526.50
Kuwait,Snacks,Online,H,1/19/2016,465418040,2/26/2016,6396,152.58,97.44,975901.68,623226.24,352675.44
Saudi Arabia,Vegetables,Online,C,8/16/2016,461463820,8/20/2016,6254,154.06,90.93,963491.24,568676.22,394815.02
United Arab Emirates,Personal Care,Online,H,5/21/2015,954259860,6/4/2015,5553,81.73,56.67,453846.69,314688.51,139158.18
Afghanistan,Cereal,Offline,C,12/19/2015,808538234,1/16/2016,3286,205.70,117.11,675930.20,384823.46,291106.74
Egypt,Meat,Offline,C,6/17/2015,636879432,7/3/2015,5632,421.89,364.69,2376084.48,2053934.08,322150.40
Iran,Meat,Offline,H,8/5/2016,613542068,8/11/2016,9587,421.89,364.69,4044659.43,3496283.03,548376.40
Iran,Meat,Online,C,7/3/2016,212874114,8/17/2016,3036,421.89,364.69,1280858.04,1107198.84,173659.20
Bahrain,Household,Online,H,6/27/2012,927666509,7/17/2012,5990,668.27,502.54,4002937.30,3010214.60,992722.70
Iran,Office Supplies,Online,L,8/1/2015,816632068,9/19/2015,8431,651.21,524.96,5490351.51,4425937.76,1064413.75
Libya,Beverages,Offline,H,2/4/2011,854095017,3/4/2011,4550,47.45,31.79,215897.50,144644.50,71253.00
Lebanon,Clothes,Offline,H,9/18/2014,749258840,11/5/2014,1196,109.28,35.84,130698.88,42864.64,87834.24
Pakistan,Clothes,Offline,C,1/29/2011,693159472,2/5/2011,146,109.28,35.84,15954.88,5232.64,10722.24
Qatar,Office Supplies,Online,H,6/28/2012,343239343,7/13/2012,1004,651.21,524.96,653814.84,527059.84,126755.00
Egypt,Office Supplies,Online,M,8/23/2010,950427091,9/14/2010,1352,651.21,524.96,880435.92,709745.92,170690.00
Iran,Snacks,Offline,H,12/11/2014,875370299,12/28/2014,379,152.58,97.44,57827.82,36929.76,20898.06
Somalia,Clothes,Online,C,1/27/2011,801590669,3/15/2011,7347,109.28,35.84,802880.16,263316.48,539563.68
Syria,Personal Care,Offline,C,5/7/2014,219762027,5/28/2014,1322,81.73,56.67,108047.06,74917.74,33129.32
Kuwait,Clothes,Offline,C,7/9/2016,837407815,7/20/2016,6436,109.28,35.84,703326.08,230666.24,472659.84
Jordan,Meat,Online,L,7/15/2014,386371409,7/19/2014,4741,421.89,364.69,2000180.49,1728995.29,271185.20
Egypt,Snacks,Offline,C,1/13/2017,596870315,2/18/2017,6045,152.58,97.44,922346.10,589024.80,333321.30
Tunisia ,Beverages,Online,L,2/27/2014,377502095,3/3/2014,114,47.45,31.79,5409.30,3624.06,1785.24
Syria,Snacks,Offline,L,7/19/2010,770714795,8/26/2010,490,152.58,97.44,74764.20,47745.60,27018.60
Azerbaijan,Vegetables,Online,C,7/27/2014,751929891,8/1/2014,1619,154.06,90.93,249423.14,147215.67,102207.47
Bahrain,Baby Food,Online,M,2/21/2011,195833718,4/7/2011,404,255.28,159.42,103133.12,64405.68,38727.44
Saudi Arabia,Vegetables,Online,H,5/18/2010,411448562,6/30/2010,5628,154.06,90.93,867049.68,511754.04,355295.64
Afghanistan,Clothes,Online,C,12/5/2016,446991050,1/16/2017,3440,109.28,35.84,375923.20,123289.60,252633.60
Morocco,Cosmetics,Online,C,5/18/2010,453089320,6/16/2010,8053,437.20,263.33,3520771.60,2120596.49,1400175.11
Pakistan,Meat,Online,C,2/17/2013,612943828,3/1/2013,2554,421.89,364.69,1077507.06,931418.26,146088.80
Bahrain,Fruits,Online,L,11/20/2015,282475936,11/28/2015,9762,9.33,6.92,91079.46,67553.04,23526.42
Turkey,Vegetables,Offline,M,8/24/2014,496656548,9/29/2014,564,154.06,90.93,86889.84,51284.52,35605.32
Pakistan,Vegetables,Offline,C,5/26/2013,345437037,6/30/2013,1351,154.06,90.93,208135.06,122846.43,85288.63
Saudi Arabia,Household,Online,M,9/16/2015,430967319,10/5/2015,1661,668.27,502.54,1109996.47,834718.94,275277.53
Bahrain,Beverages,Online,L,6/24/2015,953554761,7/28/2015,6899,47.45,31.79,327357.55,219319.21,108038.34
Bahrain,Personal Care,Online,C,8/5/2014,502715766,8/17/2014,3621,81.73,56.67,295944.33,205202.07,90742.26
Jordan,Office Supplies,Offline,M,10/22/2013,285509622,10/28/2013,7497,651.21,524.96,4882121.37,3935625.12,946496.25
Tunisia ,Personal Care,Offline,H,11/2/2015,635397565,11/21/2015,7114,81.73,56.67,581427.22,403150.38,178276.84
Algeria,Baby Food,Online,L,4/8/2013,265929067,5/23/2013,3175,255.28,159.42,810514.00,506158.50,304355.50
Turkey,Beverages,Online,C,5/2/2011,860952031,5/13/2011,3693,47.45,31.79,175232.85,117400.47,57832.38
Iran,Cosmetics,Offline,M,7/20/2014,281561410,8/2/2014,9133,437.20,263.33,3992947.60,2404992.89,1587954.71
Yemen,Cereal,Online,H,5/10/2013,785261380,5/26/2013,5147,205.70,117.11,1058737.90,602765.17,455972.73
Bahrain,Fruits,Online,M,3/14/2017,688344371,4/28/2017,5251,9.33,6.92,48991.83,36336.92,12654.91
Somalia,Cosmetics,Offline,M,10/2/2014,642442548,11/2/2014,1881,437.20,263.33,822373.20,495323.73,327049.47
Somalia,Beverages,Online,M,4/22/2010,942700612,6/6/2010,4915,47.45,31.79,233216.75,156247.85,76968.90
Kuwait,Meat,Online,C,1/13/2010,480863702,1/28/2010,7110,421.89,364.69,2999637.90,2592945.90,406692.00
Oman,Baby Food,Online,M,9/8/2015,218629920,10/20/2015,6307,255.28,159.42,1610050.96,1005461.94,604589.02
Oman,Baby Food,Offline,C,2/13/2016,242024362,3/17/2016,9242,255.28,159.42,2359297.76,1473359.64,885938.12
Afghanistan,Fruits,Online,C,4/22/2013,967644727,4/30/2013,6433,9.33,6.92,60019.89,44516.36,15503.53
Bahrain,Fruits,Offline,H,9/28/2012,675548303,11/6/2012,8610,9.33,6.92,80331.30,59581.20,20750.10
Afghanistan,Clothes,Offline,C,1/13/2017,551136291,1/13/2017,2331,109.28,35.84,254731.68,83543.04,171188.64
Algeria,Office Supplies,Online,C,10/26/2015,352176463,12/5/2015,5696,651.21,524.96,3709292.16,2990172.16,719120.00
Morocco,Cereal,Online,H,10/2/2012,795315158,10/26/2012,284,205.70,117.11,58418.80,33259.24,25159.56
Iraq,Clothes,Offline,L,10/25/2010,191256368,11/9/2010,5864,109.28,35.84,640817.92,210165.76,430652.16
Bahrain,Beverages,Online,C,9/4/2010,133276879,10/17/2010,8445,47.45,31.79,400715.25,268466.55,132248.70
Qatar,Meat,Online,H,12/22/2014,480177485,2/7/2015,4043,421.89,364.69,1705701.27,1474441.67,231259.60
Qatar,Clothes,Offline,C,11/22/2011,687875735,12/2/2011,6571,109.28,35.84,718078.88,235504.64,482574.24
Egypt,Office Supplies,Online,C,11/18/2010,841138446,12/8/2010,413,651.21,524.96,268949.73,216808.48,52141.25
Lebanon,Beverages,Online,M,6/21/2013,296320855,7/13/2013,6781,47.45,31.79,321758.45,215567.99,106190.46
Syria,Vegetables,Offline,M,6/24/2015,433871400,7/1/2015,1044,154.06,90.93,160838.64,94930.92,65907.72
Jordan,Clothes,Online,M,8/12/2011,812984693,8/22/2011,9092,109.28,35.84,993573.76,325857.28,667716.48
Bahrain,Beverages,Offline,M,2/28/2017,886628711,3/31/2017,1993,47.45,31.79,94567.85,63357.47,31210.38
Yemen,Office Supplies,Offline,M,8/18/2013,105558288,8/19/2013,5898,651.21,524.96,3840836.58,3096214.08,744622.50
Azerbaijan,Snacks,Offline,C,4/18/2010,534085166,4/25/2010,6524,152.58,97.44,995431.92,635698.56,359733.36
United Arab Emirates,Vegetables,Online,C,5/12/2011,524363124,6/28/2011,9556,154.06,90.93,1472197.36,868927.08,603270.28
